@inproceedings{lucchi2013learning,
  title     = {Learning for structured prediction using approximate subgradient descent with working sets},
  author    = {Lucchi, Aur{\'e}lien and Li, Yunpeng and Fua, Pascal},
  booktitle = {Proceedings of the IEEE Conference on Computer Vision and Pattern Recognition},
  pages     = {1987--1994},
  year      = {2013}
}
@article{lucchi2011supervoxel,
  title     = {Supervoxel-based segmentation of mitochondria in em image stacks with learned shape features},
  author    = {Lucchi, Aur{\'e}lien and Smith, Kevin and Achanta, Radhakrishna and Knott, Graham and Fua, Pascal},
  journal   = {IEEE transactions on medical imaging},
  volume    = {31},
  number    = {2},
  pages     = {474--486},
  year      = {2011},
  publisher = {IEEE}
}
@inproceedings{liu2022convnet,
  title     = {A convnet for the 2020s},
  author    = {Liu, Zhuang and Mao, Hanzi and Wu, Chao-Yuan and Feichtenhofer, Christoph and Darrell, Trevor and Xie, Saining},
  booktitle = {Proceedings of the IEEE/CVF conference on computer vision and pattern recognition},
  pages     = {11976--11986},
  year      = {2022}
}